[gd_scene load_steps=18 format=2]

[ext_resource path="res://blokoj/rajtigo/rajtigo.gd" type="Script" id=1]
[ext_resource path="res://kerno/menuo/resursoj/fonts/Buttons_stylel.tres" type="StyleBox" id=2]
[ext_resource path="res://kerno/menuo/resursoj/fonts/new_dynamicfont.tres" type="DynamicFont" id=3]
[ext_resource path="res://kerno/menuo/resursoj/fonts/18957.otf" type="DynamicFontData" id=4]
[ext_resource path="res://blokoj/rajtigo/skriptoj/message.gd" type="Script" id=5]
[ext_resource path="res://kerno/menuo/resursoj/fonts/Buttons_hover.tres" type="StyleBox" id=6]
[ext_resource path="res://blokoj/rajtigo/skriptoj/login_button.gd" type="Script" id=7]
[ext_resource path="res://blokoj/rajtigo/skriptoj/ru.gd" type="Script" id=8]
[ext_resource path="res://blokoj/rajtigo/skriptoj/en.gd" type="Script" id=9]
[ext_resource path="res://blokoj/rajtigo/skriptoj/eo.gd" type="Script" id=10]
[ext_resource path="res://resursoj/stelamapo_8k.jpg" type="Texture" id=11]

[sub_resource type="DynamicFont" id=1]
font_data = ExtResource( 4 )

[sub_resource type="DynamicFont" id=2]
font_data = ExtResource( 4 )

[sub_resource type="DynamicFont" id=3]
font_data = ExtResource( 4 )

[sub_resource type="DynamicFont" id=4]
font_data = ExtResource( 4 )

[sub_resource type="DynamicFont" id=5]
font_data = ExtResource( 4 )

[sub_resource type="DynamicFont" id=6]
font_data = ExtResource( 4 )

[node name="auth_menu" type="Node2D"]
script = ExtResource( 1 )
__meta__ = {
"_edit_group_": true
}

[node name="login" type="Label" parent="."]
margin_left = 280.0
margin_top = 230.0
margin_right = 366.0
margin_bottom = 260.0
custom_styles/normal = ExtResource( 2 )
custom_fonts/font = ExtResource( 3 )
text = "Login"
align = 1
valign = 1
__meta__ = {
"_edit_use_anchors_": false
}

[node name="password" type="Label" parent="."]
margin_left = 280.0
margin_top = 274.63
margin_right = 367.0
margin_bottom = 304.63
custom_styles/normal = ExtResource( 2 )
custom_fonts/font = SubResource( 1 )
text = "Password"
align = 1
valign = 1

[node name="Control" type="Control" parent="."]
margin_right = 40.0
margin_bottom = 40.0

[node name="your_login" type="LineEdit" parent="Control"]
margin_left = 380.0
margin_top = 230.0
margin_right = 630.0
margin_bottom = 260.0
__meta__ = {
"_edit_use_anchors_": false
}

[node name="your_password" type="LineEdit" parent="Control"]
margin_left = 380.0
margin_top = 275.0
margin_right = 630.0
margin_bottom = 305.0
__meta__ = {
"_edit_use_anchors_": false
}

[node name="message" type="Label" parent="."]
margin_left = 385.0
margin_top = 185.0
margin_right = 625.0
margin_bottom = 218.0
custom_styles/normal = ExtResource( 2 )
custom_fonts/font = SubResource( 2 )
custom_colors/font_color = Color( 0.968627, 0.0431373, 0.0431373, 1 )
align = 1
valign = 1
script = ExtResource( 5 )
__meta__ = {
"_edit_use_anchors_": false
}

[node name="LoginButton" type="Button" parent="."]
margin_left = 450.0
margin_top = 330.0
margin_right = 570.0
margin_bottom = 363.0
custom_styles/hover = ExtResource( 6 )
custom_styles/focus = ExtResource( 2 )
custom_fonts/font = SubResource( 3 )
text = "LogIn"
flat = true
script = ExtResource( 7 )
__meta__ = {
"_edit_use_anchors_": false
}

[node name="ru" type="Button" parent="."]
margin_left = 950.0
margin_top = 3.0
margin_right = 985.0
margin_bottom = 26.0
custom_styles/hover = ExtResource( 6 )
custom_styles/focus = ExtResource( 2 )
custom_fonts/font = SubResource( 4 )
text = "ru"
flat = true
script = ExtResource( 8 )
__meta__ = {
"_edit_use_anchors_": false
}

[node name="en" type="Button" parent="."]
margin_left = 850.0
margin_top = 3.0
margin_right = 885.0
margin_bottom = 26.0
custom_styles/hover = ExtResource( 6 )
custom_styles/focus = ExtResource( 2 )
custom_fonts/font = SubResource( 5 )
text = "en"
flat = true
script = ExtResource( 9 )

[node name="eo" type="Button" parent="."]
margin_left = 900.0
margin_top = 3.0
margin_right = 935.0
margin_bottom = 26.0
custom_styles/hover = ExtResource( 6 )
custom_styles/focus = ExtResource( 2 )
custom_fonts/font = SubResource( 6 )
text = "eo"
flat = true
script = ExtResource( 10 )
__meta__ = {
"_edit_use_anchors_": false
}

[node name="ParallaxBackground" type="ParallaxBackground" parent="."]

[node name="ParallaxBackground" type="ParallaxBackground" parent="ParallaxBackground"]

[node name="TextureRect" type="TextureRect" parent="ParallaxBackground/ParallaxBackground"]
anchor_right = 1.0
anchor_bottom = 1.0
texture = ExtResource( 11 )
expand = true
__meta__ = {
"_edit_use_anchors_": false
}
