[gd_scene load_steps=11 format=2]

[ext_resource path="res://blokoj/kosmo/waypoint.tscn" type="PackedScene" id=1]
[ext_resource path="res://blokoj/kosmo/ship.tscn" type="PackedScene" id=2]
[ext_resource path="res://blokoj/kosmo/space_object.tscn" type="PackedScene" id=3]
[ext_resource path="res://blokoj/kosmo/main_camera.tscn" type="PackedScene" id=4]
[ext_resource path="res://blokoj/kosmo/star.tscn" type="PackedScene" id=5]

[sub_resource type="GDScript" id=1]
script/source = "extends Spatial

var choose = false

func _ready():
	for i in get_children():
		if has_signal(i,\"new_way_point\"):
			i.connect(\"new_way_point\",self,\"set_way_point\")

func _input(event):
	if Input.is_action_just_pressed(\"ui_select\"):
		choose=!choose
		if choose:
			$main_camera.set_privot($ship)
		else:
			$main_camera.set_privot(null)

func set_way_point(position,dock):
	$ship.set_way_point(position,dock)
	$way_point.set_way_point(position)

func has_signal(node, sgnl):
	if node == null:
		return false
	node=node.get_signal_list()
	for i in node:
		if i.name == sgnl:
			return true
	return false
"

[sub_resource type="SphereMesh" id=2]
radial_segments = 4
rings = 4

[sub_resource type="OpenSimplexNoise" id=3]

[sub_resource type="NoiseTexture" id=4]
noise = SubResource( 3 )

[sub_resource type="SpatialMaterial" id=5]
albedo_color = Color( 0.447059, 0.294118, 0.294118, 1 )
depth_enabled = true
depth_scale = 6.59
depth_deep_parallax = false
depth_flip_tangent = false
depth_flip_binormal = false
depth_texture = SubResource( 4 )

[node name="space" type="Spatial"]
script = SubResource( 1 )

[node name="ship" parent="." instance=ExtResource( 2 )]
transform = Transform( 1, 0, 0, 0, 1, 0, 0, 0, 1, 0, 0, 129.985 )

[node name="asteroid" type="MeshInstance" parent="."]
transform = Transform( 5, 0, 0, 0, 5, 0, 0, 0, 5, 82.0017, 0, 4.63756 )
mesh = SubResource( 2 )
material/0 = SubResource( 5 )

[node name="asteroid2" type="MeshInstance" parent="."]
transform = Transform( 1, 0, 0, 0, 1, 0, 0, 0, 1, -79.6439, 0, 4.63756 )
mesh = SubResource( 2 )
material/0 = SubResource( 5 )

[node name="asteroid3" type="MeshInstance" parent="."]
transform = Transform( 1, 0, 0, 0, 1, 0, 0, 0, 1, 0, 0, -95.5832 )
mesh = SubResource( 2 )
material/0 = SubResource( 5 )

[node name="asteroid4" type="MeshInstance" parent="."]
transform = Transform( 1, 0, 0, 0, 1, 0, 0, 0, 1, -8.28443, 0, 52.5846 )
mesh = SubResource( 2 )
material/0 = SubResource( 5 )

[node name="asteroid5" type="MeshInstance" parent="."]
transform = Transform( 1, 0, 0, 0, 1, 0, 0, 0, 1, 57.2536, 0, 4.63756 )
mesh = SubResource( 2 )
material/0 = SubResource( 5 )

[node name="asteroid6" type="MeshInstance" parent="."]
transform = Transform( 1, 0, 0, 0, 1, 0, 0, 0, 1, -63.982, 8.33743, -28.9217 )
mesh = SubResource( 2 )
material/0 = SubResource( 5 )

[node name="asteroid7" type="MeshInstance" parent="."]
transform = Transform( 1, 0, 0, 0, 1, 0, 0, 0, 1, 0, -9.74345, 60.5021 )
mesh = SubResource( 2 )
material/0 = SubResource( 5 )

[node name="asteroid8" type="MeshInstance" parent="."]
transform = Transform( 1, 0, 0, 0, 1, 0, 0, 0, 1, -78.8565, 6.63192, 14.2732 )
mesh = SubResource( 2 )
material/0 = SubResource( 5 )

[node name="way_point" parent="." instance=ExtResource( 1 )]
z_away = 4000
colision_radius = 1.0

[node name="space_object" parent="." instance=ExtResource( 3 )]
transform = Transform( 10, 0, 0, 0, 10, 0, 0, 0, 10, -163.333, 10.0102, 3.27841 )

[node name="main_camera" parent="." instance=ExtResource( 4 )]
transform = Transform( 1, 0, 0, 0, 1, 0, 0, 0, 1, 0, 0, 151.894 )
distance_min = 0

[node name="star" parent="." instance=ExtResource( 5 )]
